<record><leader>00000cas a2200000 a 4500</leader><controlfield tag="001">30535270</controlfield><controlfield tag="008">940602c194u9999nyuwr ne      0    0eng c</controlfield><datafield ind1=" " ind2=" " tag="010"><subfield code="a">sn 94057595 </subfield></datafield><datafield ind1=" " ind2=" " tag="040"><subfield code="a">NYS</subfield><subfield code="b">eng</subfield><subfield code="c">NYS</subfield><subfield code="d">OCLCQ</subfield><subfield code="d">OCLCF</subfield><subfield code="d">OCLCO</subfield></datafield><datafield ind1="1" ind2=" " tag="029"><subfield code="a">AU@</subfield><subfield code="b">000025903503</subfield></datafield><datafield ind1=" " ind2=" " tag="037"><subfield code="b">Gallagher Printing, Inc., 2507 Delaware Ave, Buffalo, NY 14216</subfield></datafield><datafield ind1=" " ind2=" " tag="042"><subfield code="a">pcc</subfield></datafield><datafield ind1=" " ind2=" " tag="043"><subfield code="a">n-us-ny</subfield></datafield><datafield ind1="0" ind2=" " tag="130"><subfield code="a">West side times (Buffalo, N.Y.)</subfield></datafield><datafield ind1="1" ind2="0" tag="245"><subfield code="a">West side times.</subfield></datafield><datafield ind1="1" ind2="3" tag="246"><subfield code="a">Elmwood tribune</subfield><subfield code="f">&lt;1948&gt;</subfield></datafield><datafield ind1="1" ind2="3" tag="246"><subfield code="a">Elmwood observer</subfield><subfield code="f">&lt;1966-1967&gt;</subfield></datafield><datafield ind1="1" ind2="3" tag="246"><subfield code="a">Niagara herald</subfield><subfield code="f">&lt;1948-1967&gt;</subfield></datafield><datafield ind1=" " ind2=" " tag="260"><subfield code="a">West Side Buffalo [N.Y.] :</subfield><subfield code="b">Franklin Pub. Co.</subfield></datafield><datafield ind1=" " ind2=" " tag="300"><subfield code="a">v. :</subfield><subfield code="b">ill. ;</subfield><subfield code="c">44 cm.</subfield></datafield><datafield ind1=" " ind2=" " tag="310"><subfield code="a">Weekly</subfield></datafield><datafield ind1=" " ind2=" " tag="500"><subfield code="a">Publisher: Edward T. Jetter, &lt;1966-1967&gt;; David Gallagher, &lt;1998&gt;.</subfield></datafield><datafield ind1=" " ind2=" " tag="588"><subfield code="a">Description based on: Vol. 7, no. 7 (July 15, 1948).</subfield></datafield><datafield ind1=" " ind2=" " tag="588"><subfield code="a">Latest issue consulted: Vol. 105, no. 52 (Dec. 29, 1998).</subfield></datafield><datafield ind1=" " ind2="0" tag="651"><subfield code="a">Buffalo (N.Y.)</subfield><subfield code="v">Newspapers.</subfield></datafield><datafield ind1=" " ind2="0" tag="651"><subfield code="a">Erie County (N.Y.)</subfield><subfield code="v">Newspapers.</subfield></datafield><datafield ind1=" " ind2="7" tag="655"><subfield code="a">Newspapers.</subfield><subfield code="2">fast</subfield><subfield code="0">(OCoLC)fst01423814</subfield></datafield><datafield ind1=" " ind2="7" tag="651"><subfield code="a">New York (State)</subfield><subfield code="z">Buffalo.</subfield><subfield code="2">fast</subfield><subfield code="0">(OCoLC)fst01205730</subfield></datafield><datafield ind1=" " ind2="7" tag="651"><subfield code="a">New York (State)</subfield><subfield code="z">Erie County.</subfield><subfield code="2">fast</subfield><subfield code="0">(OCoLC)fst01202692</subfield></datafield><datafield ind1=" " ind2=" " tag="752"><subfield code="a">United States</subfield><subfield code="b">New York</subfield><subfield code="c">Erie</subfield><subfield code="d">Buffalo.</subfield></datafield><datafield ind1="0" ind2="5" tag="780"><subfield code="t">Elmwood observer</subfield><subfield code="g">1949</subfield></datafield></record>